@incollection{Bayer:2002:BDP:944331.944346,
 author = {Bayer, Rudolf},
 chapter = {B-trees and databases, past and future},
 title = {Software pioneers},
 editor = {Broy, Manfred and Denert, Ernst},
 year = {2002},
 isbn = {3-540-43081-4},
 pages = {232--244},
 numpages = {13},
 url = {http://dl.acm.org/citation.cfm?id=944331.944346},
 acmid = {944346},
 publisher = {Springer-Verlag New York, Inc.},
 address = {New York, NY, USA},
} 
                  
@article{Waters:1992:UNC:1039991.1039996,
 author = {Waters, Richard C.},
 title = {Using the new common Lisp pretty printer},
 journal = {SIGPLAN Lisp Pointers},
 issue_date = {April-June 1992},
 volume = {V},
 number = {2},
 month = apr,
 year = {1992},
 issn = {1045-3563},
 pages = {27--34},
 numpages = {8},
 url = {http://doi.acm.org/10.1145/1039991.1039996},
 doi = {10.1145/1039991.1039996},
 acmid = {1039996},
 publisher = {ACM},
 address = {New York, NY, USA},
} 

@INPROCEEDINGS{Waters89xp:a,
    author = {Richard C. Waters},
    title = {XP: A Common Lisp Pretty Printing System},
    booktitle = {A.I. Memo 1102a, MIT Artificial Intelligence Laboratory},
    year = {1989}
}

@book{Kiczales:1991:AMP:574212,
 author = {Kiczales, Gregor and Rivieres, Jim Des},
 title = {The  Art of the Metaobject Protocol},
 year = {1991},
 isbn = {0262111586},
 publisher = {MIT Press},
 address = {Cambridge, MA, USA},
} 
